% Encoding: UTF-8
% A place for new bibtex references 
